@misc{bing,
author={Microsoft},
title = {Bing Maps},
year={2015},
howpublished = {\url{https://www.bing.com/maps/}}, 
note = {Accessed: 2015-06-18}
}

@inproceedings{lenet,
  title={Handwritten digit recognition with a back-propagation network},
  author={LeCun, B Boser and Denker, John S and Henderson, D and Howard, Richard E and Hubbard, W and Jackel, Lawrence D},
  booktitle={Advances in neural information processing systems},
  year={1990},
  organization={Citeseer}
}

@article{Hongsheng2014,
  title={Highly efficient forward and backward propagation of convolutional neural networks for pixelwise classification},
  author={Li, Hongsheng and Zhao, Rui and Wang, Xiaogang},
  journal={arXiv preprint arXiv:1412.4526},
  year={2014}
}

@article{Farabet2013,
  title={Learning hierarchical features for scene labeling},
  author={Farabet, Clement and Couprie, Camille and Najman, Laurent and LeCun, Yann},
  journal={Pattern Analysis and Machine Intelligence, IEEE Transactions on},
  volume={35},
  number={8},
  pages={1915--1929},
  year={2013},
  publisher={IEEE}
}